2400 4242
384 641 543 715 risen
582 649 829 714 neurius.
916 664 973 724 κῃ

441 760 722 843 ,Q

231 922 304 971 Nemo
326 921 365 969 diu
381 919 452 974 vivit,
468 923 545 971 uideat
563 923 617 981 quin
635 925 712 967 crebra
731 915 826 966 suorum

202 1041 207 1048 ⁵
256 994 359 1037 Funera:
375 991 461 1036 Felices
474 993 545 1037 tristia
559 993 633 1036 multa
648 990 733 1035 vident.

229 1063 312 1116 Crebra
331 1071 389 1113 tuae,
406 1062 487 1115 doleo,
505 1063 582 1108 videns
596 1064 658 1117 quod
675 1060 755 1105 funera
773 1056 862 1113 prolisl
957 1076 959 1081 ·

256 1134 367 1185 Gaudeo,
385 1135 446 1188 quod
461 1132 529 1180 funus
546 1148 592 1179 non
608 1134 670 1179 videt
684 1134 725 1177 illa
740 1141 814 1178 tuum.

232 1267 273 1329 99
403 1250 441 1313 ln
451 1241 638 1332 scriptorem
659 1249 807 1331 ineptum.

247 1360 353 1416 'Cripsrsti
370 1370 478 1415 aternus,
494 1363 512 1409 fi
531 1361 564 1406 fas
581 1362 640 1407 mini
659 1360 749 1412 dicere,
766 1359 855 1403 libros:
892 1418 894 1421 Ι
953 1346 958 1361 '

229 1416 242 1441 ⁸
280 1426 336 1471 Fine
355 1433 432 1469 carent
452 1424 504 1468 libri
523 1422 682 1479 principioque
700 1422 742 1468 tui.
936 1420 944 1427 '

235 1557 295 1604 100
319 1532 373 1603 Al
383 1551 449 1603 tres
459 1539 663 1617 Mecoemtes,
691 1517 834 1604 Eduard.
854 1529 950 1613 Nohl,

342 1635 525 1694 Guilielmum
543 1633 656 1706 Sidley,
685 1632 724 1704 fini
738 1633 882 1707 Rogerum

554 1722 658 1783 Owen.
790 1724 792 1729 '

262 1831 360 1881 Erratis,
377 1829 509 1886 semperque
528 1842 608 1884 precor
622 1835 722 1879 certate,
739 1824 852 1878 vicillim,

288 1900 404 1944 llecoeuas
422 1898 520 1944 vestrum
535 1897 563 1941 sit
579 1896 636 1939 mihi
655 1894 758 1939 summus
769 1893 839 1938 uter?

228 1971 294 2016 Hanc
310 1968 374 2012 litem
395 1968 454 2013 inter
472 1980 513 2012 vos
530 1965 625 2015 (Litem
642 1963 688 2008 sme
706 1964 761 2011 lite)
774 1962 872 2006 fovebo:

256 2044 303 2087 Nec
321 2038 381 2084 vinci
400 2050 557 2095 quemquam,
574 2034 664 2080 vincere
681 2045 794 2088 quemque
812 2031 893 2076 finam.

227 2111 281 2156 Non
302 2107 365 2152 dedit
382 2110 427 2151 lraec
448 2106 512 2151 uobis
527 2105 565 2159 pia
585 2102 725 2149 concertatio
746 2104 874 2151 damnum3

255 2182 322 2229 Celiit
341 2190 365 2225 at
379 2182 402 2225 in
422 2179 523 2226 nostrum
545 2178 583 2223 Lis
603 2174 711 2233 generosa
727 2175 824 2219 lucrum·
856 2211 858 2222 ,

230 2318 287 2364 101
345 2278 521 2361 inolitum
542 2291 674 2360 Henrici
696 2282 872 2373 Principe,
923 2293 925 2311 ¹

559 2392 641 2449 1612.

226 2505 358 2587 MOrtuus
379 2498 411 2544 est
426 2498 516 2544 flendus
534 2499 690 2553 lacrymarum
706 2493 802 2541 flumine
821 2492 947 2547 Princeps,

301 2572 357 2627 Spes
372 2569 510 2619 Britouum,
528 2567 601 2613 Patris
623 2567 719 2621 Gloria,
737 2568 819 2613 Matris
837 2568 935 2611 Honor:

228 2643 270 2687 Cui
290 2642 384 2687 fratrem
399 2630 478 2696 praeter
493 2642 656 2693 Germanum,
673 2656 742 2688 nemo
761 2640 887 2693 secundus,

257 2711 338 2755 Praeter
357 2710 516 2762 Germanum,
536 2723 605 2754 nemo
626 2709 723 2753 secunda
739 2708 789 2755 fulc

227 2783 302 2829 Vivus
319 2784 444 2826 honoratur
462 2783 584 2838 Princeps,
600 2782 712 2826 extinllus
726 2791 832 2834 amatur,

259 2857 340 2903 Gentis
359 2858 441 2901 Honos
461 2858 569 2902 &Amor
587 2857 644 2899 dum
660 2854 703 2899 fuit
719 2855 772 2906 ille,
789 2852 840 2899 fuit.

228 2920 281 2965 Haec
300 2936 342 2979 ego
363 2925 420 2968 dum
438 2923 538 2968 madidis
557 2935 649 2967 mecum
668 2924 792 2968 meditarer
809 2920 906 2974 ocellis,

256 2991 318 3038 Salsa
334 2992 393 3037 mihi
412 2991 424 3036 ὲ
443 2993 536 3049 gemino
553 2992 643 3049 guttula
663 2990 727 3036 fonte
746 2989 804 3035 fluit.
967 3002 977 3034 a

227 3064 282 3108 Non
297 3062 376 3116 ignare
394 3060 450 3105 mali
471 3061 565 3111 Lestor,
583 3057 642 3103 mihi
660 3053 746 3103 credito
766 3057 840 3111 fletu,

255 3132 372 3177 Sermonis
392 3144 463 3188 cogor
480 3143 587 3185 rumpere
607 3129 745 3181 lilaffleo.

230 3260 292 3312 102
423 3238 480 3311 Ad
492 3238 625 3328 ejusdem
641 3244 768 3310 Manes.

226 3358 282 3437 TU
303 3356 362 3402 mihi
381 3356 461 3402 curasti
480 3359 623 3405 numeranda
639 3354 750 3427 stipendia
768 3367 840 3411 nuper

291 3423 392 3473 Annum
407 3419 522 3468 sublatum
537 3420 568 3466 est
587 3421 631 3464 hoc
646 3419 706 3463 mrlu
720 3426 796 3464 morte
813 3428 860 3465 tua

615 3491 667 3544 Sl
815 3499 818 3505 '
931 3490 982 3537 liae
