2400 4242
213 663 254 725 n.
395 652 543 719 nunu
581 651 799 717 ruinius,-

465 759 701 840 Q

214 924 236 1006 5
475 893 689 1007 Adeandnn‘.

252 1058 261 1097 t
281 1050 321 1098 Sol
341 1050 365 1098 in
383 1051 461 1105 culis,
484 1061 510 1098 ut
530 1054 570 1098 iux
590 1053 614 1099 in
633 1052 704 1103 Sole,
725 1050 816 1097 videtur

277 1120 357 1165 Virtus
374 1118 398 1164 in
413 1120 477 1165 vultu
495 1119 525 1165 fic
541 1120 643 1182 habitare
665 1128 712 1164 tuo.

215 1188 330 1243 speuator
345 1188 472 1245 quicunque
490 1190 570 1243 veuit,
595 1188 689 1233 discedit
706 1196 813 1232 amam:

241 1258 289 1303 Aut
309 1258 377 1305 illum
395 1259 482 1310 virtus,
506 1268 545 1304 nur
562 1267 603 1303 tua
620 1256 696 1304 forma
713 1256 779 1311 capit.

215 1391 238 1454 6
267 1382 324 1453 Ad
339 1381 472 1476 ejusdem
475 1373 596 1478 filiurn,
636 1378 787 1457 Tironiano
807 1348 955 1466 neuile,

411 1492 607 1576 maximaespei
630 1507 759 1567 puerum.

216 1616 276 1697 DE
298 1617 372 1663 Genio
390 1626 438 1665 tarn
455 1620 516 1667 mira
533 1629 574 1667 tuo
592 1625 768 1670 memorantur,
787 1626 817 1669 ,ut
835 1632 931 1664 omnem

283 1689 438 1747 Exsuperent‚
462 1694 565 1749 quamvis
584 1694 664 1740 omnia
683 1708 752 1745 vera,
777 1692 855 1737 fidene

216 1755 262 1810 Qui
281 1771 378 1813 puerum
394 1762 487 1814 laudat,
512 1762 575 1817 spem
592 1795 599 1815 ‚
616 1776 663 1807 non
682 1778 747 1815 reni,
763 1764 842 1808 laudat
850 1763 875 1807 in
886 1762 944 1807 ilio:

242 1829 297 1875 Non
314 1830 378 1887 spes,
395 1834 514 1891 ingenium
527 1848 563 1880 res
581 1836 665 1891 probat
684 1834 732 1889 ip&
749 1843 823 1878 ιιιιιιιιὀ

218 1978 237 2039 7
268 1956 327 2029 Ad
342 1957 472 2047 ejusdem
482 1958 613 2060 filiam,
652 1958 801 2033 Cocilinm
820 1958 932 2030 Nevill
944 2007 959 2029 -.

248 2094 263 2141 S
283 2092 363 2141 similis
383 2096 468 2146 matrix
493 2098 553 2143 dete
572 2096 631 2147 mihi
651 2078 725 2142 dicere
746 2096 812 2151 plura

273 2164 314 2210 Nil
334 2177 391 2219 opus
407 2164 455 2216 οὓς
480 2163 552 2210 Matri
567 2174 590 2211 te
609 2164 708 2211 limilem
728 2163 787 2217 eise,
811 2161 844 2207 sut
866 2161 904 2208 est.

220 2298 240 2370 8
294 2287 395 2376 Nosce
415 2306 447 2357 te
471 2286 578 2379 ipsum.
626 2295 664 2359 Iu
690 2286 885 2377 Harpalum.

255 2424 276 2470 U
291 2436 339 2489 nou
355 2438 378 2469 es
395 2425 469 2478 tanti,
496 2426 524 2470 srs
542 2426 625 2483 dignus
641 2434 682 2479 ut,
698 2425 812 2480 Harpale,
828 2424 905 2473 nosci:

259 2494 359 2548 'Quaere
380 2494 467 2552 aliquid
486 2494 583 2552 dignum
607 2492 737 2549 cognitione
752 2500 799 2537 tua.
834 2526 840 2534 ,

218 2643 241 2707 9
292 2691 294 2697 .
456 2617 513 2692 Ad
528 2613 731 2707 Confidicnm.

220 2761 258 2840 81
275 2758 345 2812 felix,
369 2747 446 2806 reruni
464 2757 542 2814 ponit-
558 2756 596 2812 qui
611 2754 701 2801 noscere
721 2754 815 2807 causan

273 2826 317 2878 Qui
337 2825 396 2872 nosti
414 2824 489 2869 canius
506 2822 598 2876 dicere,
622 2829 719 2877 quantus
735 2822 807 2864 homo
825 2818 873 2865 es?

224 2975 264 3023 10
401 2956 440 3020 In
456 2952 613 3031 Jonnnem
627 2952 772 3018 Protum.

261 3089 370 3135 Uiiunrm
390 3099 486 3133 uxorem
503 3083 601 3130 memini
617 3091 656 3135 te,
673 3082 756 3133 Prote,
771 3079 909 3133 minatum

288 3154 371 3199 Ebrius
388 3167 486 3199 uxorem
506 3154 587 3197 ducere
607 3160 676 3193 nemo
695 3144 775 3202 potest„

219 3222 294 3271 Uxori
311 3225 383 3269 nubas
401 3224 492 3279 potius,
518 3235 564 3278 quae
583 3220 658 3265 sobria
671 3230 753 3276 potum

248 3298 338 3342 Ducere
357 3303 380 3340 te
399 3296 465 3340 nonu
486 3292 553 3350 poffit
569 3293 597 3335 ab
617 3291 673 3335 urbe
697 3291 802 3335 domurn.

842 3420 878 3469 rr
904 3403 944 3469 In
