<?xml version="1.0" encoding="UTF-8"?>
<!DOCTYPE html PUBLIC "-//W3C//DTD XHTML 1.0 Transitional//EN"
    "http://www.w3.org/TR/xhtml1/DTD/xhtml1-transitional.dtd">
<html xmlns="http://www.w3.org/1999/xhtml" xml:lang="en" lang="en">
 <head>
  <title>
</title>
<meta http-equiv="Content-Type" content="text/html;charset=utf-8" />
  <meta name='ocr-system' content='tesseract 3.04.00' />
  <meta name='ocr-capabilities' content='ocr_page ocr_carea ocr_par ocr_line ocrx_word'/>
</head>
<body>
  <div class='ocr_page' id='page_1' title='image "./joannisoweniepi00owengoog_0141.png"; bbox 0 0 2400 4242; ppageno 0'>
   <div class='ocr_carea' id='block_1_1' title="bbox 308 588 920 835">
    <p class='ocr_par' dir='ltr' id='par_1_1' title="bbox 308 588 920 835">
     <span class='ocr_line' id='line_1_1' title="bbox 308 588 920 727; baseline -0.008 -21"><span class='ocrx_word' id='word_1_1' title='bbox 308 588 313 599; x_wconf 40' lang='lat'><strong><em>⁵</em></strong></span> <span class='ocrx_word' id='word_1_2' title='bbox 390 640 537 727; x_wconf 79' lang='grc'><strong>11111</strong></span> <span class='ocrx_word' id='word_1_3' title='bbox 575 639 716 703; x_wconf 79' lang='lat' dir='ltr'>unus.</span> <span class='ocrx_word' id='word_1_4' title='bbox 864 655 920 717; x_wconf 77' lang='lat'>1³7</span> 
     </span>
     <span class='ocr_line' id='line_1_2' title="bbox 433 754 666 835; baseline 0 0"><span class='ocrx_word' id='word_1_5' title='bbox 433 754 666 835; x_wconf 48' lang='lat' dir='ltr'><em>Q</em></span> 
     </span>
    </p>
   </div>
   <div class='ocr_carea' id='block_1_2' title="bbox 181 889 760 977">
    <p class='ocr_par' dir='ltr' id='par_1_2' title="bbox 181 889 760 977">
     <span class='ocr_line' id='line_1_3' title="bbox 181 889 760 977; baseline 0 -13"><span class='ocrx_word' id='word_1_6' title='bbox 181 889 221 965; x_wconf 80' lang='lat' dir='ltr'>Fit</span> <span class='ocrx_word' id='word_1_7' title='bbox 239 919 322 966; x_wconf 83' lang='lat' dir='ltr'>melior</span> <span class='ocrx_word' id='word_1_8' title='bbox 339 931 423 973; x_wconf 86' lang='lat' dir='ltr'>nemo,</span> <span class='ocrx_word' id='word_1_9' title='bbox 439 921 522 966; x_wconf 85' lang='lat' dir='ltr'>coelum</span> <span class='ocrx_word' id='word_1_10' title='bbox 537 920 654 977; x_wconf 73' lang='lat' dir='ltr'>nosterque</span> <span class='ocrx_word' id='word_1_11' title='bbox 671 917 760 975; x_wconf 82' lang='lat' dir='ltr'>diesque</span> 
     </span>
    </p>
   </div>
   <div class='ocr_carea' id='block_1_3' title="bbox 181 989 888 1106">
    <p class='ocr_par' dir='ltr' id='par_1_3' title="bbox 181 989 888 1106">
     <span class='ocr_line' id='line_1_4' title="bbox 210 989 772 1043; baseline -0.007 -8"><span class='ocrx_word' id='word_1_12' title='bbox 210 991 268 1035; x_wconf 87' lang='lat' dir='ltr'>Cum</span> <span class='ocrx_word' id='word_1_13' title='bbox 285 989 354 1043; x_wconf 85' lang='lat' dir='ltr'>fleat,</span> <span class='ocrx_word' id='word_1_14' title='bbox 371 1004 397 1035; x_wconf 84' lang='lat' dir='ltr'>ac</span> <span class='ocrx_word' id='word_1_15' title='bbox 414 992 481 1036; x_wconf 83' lang='lat' dir='ltr'>tellus</span> <span class='ocrx_word' id='word_1_16' title='bbox 500 990 597 1035; x_wconf 87' lang='lat' dir='ltr'>crimina</span> <span class='ocrx_word' id='word_1_17' title='bbox 615 989 690 1036; x_wconf 86' lang='lat' dir='ltr'>nostra</span> <span class='ocrx_word' id='word_1_18' title='bbox 706 989 772 1033; x_wconf 81' lang='lat' dir='ltr'>luat:</span> 
     </span>
     <span class='ocr_line' id='line_1_5' title="bbox 181 1053 888 1106; baseline 0.006 -9"><span class='ocrx_word' id='word_1_19' title='bbox 181 1053 257 1099; x_wconf 86' lang='lat' dir='ltr'>Terra</span> <span class='ocrx_word' id='word_1_20' title='bbox 275 1054 330 1098; x_wconf 84' lang='lat' dir='ltr'>licet</span> <span class='ocrx_word' id='word_1_21' title='bbox 343 1056 443 1101; x_wconf 83' lang='lat' dir='ltr'>madidis</span> <span class='ocrx_word' id='word_1_22' title='bbox 460 1056 577 1101; x_wconf 81' lang='lat' dir='ltr'>mollescat</span> <span class='ocrx_word' id='word_1_23' title='bbox 594 1056 623 1099; x_wconf 91' lang='lat' dir='ltr'>ab</span> <span class='ocrx_word' id='word_1_24' title='bbox 640 1053 767 1106; x_wconf 71' lang='lat' dir='ltr'>immitius,</span> <span class='ocrx_word' id='word_1_25' title='bbox 783 1054 846 1100; x_wconf 84' lang='lat' dir='ltr'>haud</span> <span class='ocrx_word' id='word_1_26' title='bbox 860 1053 888 1101; x_wconf 82' lang='lat' dir='ltr'>fit</span> 
     </span>
    </p>
   </div>
   <div class='ocr_carea' id='block_1_4' title="bbox 209 1124 798 1187">
    <p class='ocr_par' dir='ltr' id='par_1_4' title="bbox 209 1124 798 1187">
     <span class='ocr_line' id='line_1_6' title="bbox 209 1124 798 1187; baseline 0 -18"><span class='ocrx_word' id='word_1_27' title='bbox 209 1124 307 1171; x_wconf 77' lang='lat' dir='ltr'>mollius</span> <span class='ocrx_word' id='word_1_28' title='bbox 328 1126 473 1183; x_wconf 58' lang='lat' dir='ltr'>Annorum,</span> <span class='ocrx_word' id='word_1_29' title='bbox 489 1143 559 1187; x_wconf 86' lang='lat' dir='ltr'>quam</span> <span class='ocrx_word' id='word_1_30' title='bbox 576 1126 621 1173; x_wconf 83' lang='lat' dir='ltr'>fuit</span> <span class='ocrx_word' id='word_1_31' title='bbox 636 1135 703 1180; x_wconf 84' lang='lat' dir='ltr'>ante,</span> <span class='ocrx_word' id='word_1_32' title='bbox 720 1138 798 1183; x_wconf 79' lang='lat' dir='ltr'>genus.</span> 
     </span>
    </p>
   </div>
   <div class='ocr_carea' id='block_1_5' title="bbox 904 888 912 962">
    <p class='ocr_par' dir='ltr' id='par_1_5' title="bbox 904 888 912 962">
     <span class='ocr_line' id='line_1_7' title="bbox 904 888 912 962; baseline 0 0"><span class='ocrx_word' id='word_1_33' title='bbox 904 888 912 962; x_wconf 72' lang='lat' dir='ltr'>‘s</span> 
     </span>
    </p>
   </div>
   <div class='ocr_carea' id='block_1_6' title="bbox 414 1251 684 1341">
    <p class='ocr_par' dir='ltr' id='par_1_6' title="bbox 414 1251 684 1341">
     <span class='ocr_line' id='line_1_8' title="bbox 414 1251 684 1341; baseline -0.004 -16"><span class='ocrx_word' id='word_1_34' title='bbox 414 1251 684 1341; x_wconf 82' lang='lat' dir='ltr'>Epithalamium.</span> 
     </span>
    </p>
   </div>
   <div class='ocr_carea' id='block_1_7' title="bbox 179 1372 828 1589">
    <p class='ocr_par' dir='ltr' id='par_1_7' title="bbox 179 1372 828 1589">
     <span class='ocr_line' id='line_1_9' title="bbox 181 1372 659 1447; baseline -0.002 -6"><span class='ocrx_word' id='word_1_35' title='bbox 181 1379 247 1443; x_wconf 91' lang='grc'>166</span> <span class='ocrx_word' id='word_1_36' title='bbox 394 1431 396 1435; x_wconf 93' lang='grc'>.</span> <span class='ocrx_word' id='word_1_37' title='bbox 438 1372 659 1447; x_wconf 68' lang='grc'><strong>1111111111.</strong></span> 
     </span>
     <span class='ocr_line' id='line_1_10' title="bbox 179 1504 828 1589; baseline 0 -38"><span class='ocrx_word' id='word_1_38' title='bbox 179 1506 334 1589; x_wconf 74' lang='lat' dir='ltr'>OBjethtm&#39;</span> <span class='ocrx_word' id='word_1_39' title='bbox 344 1508 430 1562; x_wconf 81' lang='lat' dir='ltr'>nostri.</span> <span class='ocrx_word' id='word_1_40' title='bbox 447 1511 503 1556; x_wconf 89' lang='lat' dir='ltr'>dum</span> <span class='ocrx_word' id='word_1_41' title='bbox 521 1510 561 1556; x_wconf 86' lang='lat' dir='ltr'>lux</span> <span class='ocrx_word' id='word_1_42' title='bbox 578 1507 625 1562; x_wconf 85' lang='lat' dir='ltr'>est,</span> <span class='ocrx_word' id='word_1_43' title='bbox 642 1507 737 1560; x_wconf 84' lang='lat' dir='ltr'>Tullia,</span> <span class='ocrx_word' id='word_1_44' title='bbox 752 1504 828 1553; x_wconf 84' lang='lat' dir='ltr'>visus:</span> 
     </span>
    </p>
   </div>
   <div class='ocr_carea' id='block_1_8' title="bbox 249 1574 801 1630">
    <p class='ocr_par' dir='ltr' id='par_1_8' title="bbox 249 1574 801 1630">
     <span class='ocr_line' id='line_1_11' title="bbox 249 1574 801 1630; baseline -0.005 -9"><span class='ocrx_word' id='word_1_45' title='bbox 249 1576 396 1629; x_wconf 67' lang='lat' dir='ltr'>Subiectum,</span> <span class='ocrx_word' id='word_1_46' title='bbox 412 1588 465 1621; x_wconf 81' lang='lat' dir='ltr'>eum</span> <span class='ocrx_word' id='word_1_47' title='bbox 483 1588 529 1621; x_wconf 84' lang='lat' dir='ltr'>nox</span> <span class='ocrx_word' id='word_1_48' title='bbox 548 1578 626 1630; x_wconf 85' lang='lat' dir='ltr'>venit,</span> <span class='ocrx_word' id='word_1_49' title='bbox 642 1574 734 1619; x_wconf 83' lang='lat' dir='ltr'>Amoris</span> <span class='ocrx_word' id='word_1_50' title='bbox 751 1574 801 1620; x_wconf 77' lang='lat' dir='ltr'>eris.</span> 
     </span>
    </p>
   </div>
   <div class='ocr_carea' id='block_1_9' title="bbox 179 1696 787 1788">
    <p class='ocr_par' dir='ltr' id='par_1_9' title="bbox 179 1696 787 1788">
     <span class='ocr_line' id='line_1_12' title="bbox 179 1696 787 1788; baseline -0.003 -19"><span class='ocrx_word' id='word_1_51' title='bbox 179 1708 242 1782; x_wconf 84' lang='grc'>167</span> <span class='ocrx_word' id='word_1_52' title='bbox 312 1707 351 1772; x_wconf 83' lang='lat' dir='ltr'>In</span> <span class='ocrx_word' id='word_1_53' title='bbox 379 1704 530 1788; x_wconf 81' lang='lat' dir='ltr'><em>Sextum,</em></span> <span class='ocrx_word' id='word_1_54' title='bbox 554 1696 787 1769; x_wconf 72' lang='lat' dir='ltr'>Academiam.</span> 
     </span>
    </p>
   </div>
   <div class='ocr_carea' id='block_1_10' title="bbox 177 1833 910 2095">
    <p class='ocr_par' dir='ltr' id='par_1_10' title="bbox 177 1833 910 2095">
     <span class='ocr_line' id='line_1_13' title="bbox 217 1833 784 1894; baseline -0.009 -12"><span class='ocrx_word' id='word_1_55' title='bbox 217 1838 239 1882; x_wconf 90' lang='grc' dir='ltr'><strong>Τ</strong></span> <span class='ocrx_word' id='word_1_56' title='bbox 256 1836 300 1881; x_wconf 88' lang='lat' dir='ltr'>tibi</span> <span class='ocrx_word' id='word_1_57' title='bbox 318 1835 431 1883; x_wconf 86' lang='lat' dir='ltr'>sternendi</span> <span class='ocrx_word' id='word_1_58' title='bbox 446 1837 514 1894; x_wconf 80' lang='lat' dir='ltr'>postis</span> <span class='ocrx_word' id='word_1_59' title='bbox 530 1834 658 1882; x_wconf 84' lang='lat' dir='ltr'>meminiffe</span> <span class='ocrx_word' id='word_1_60' title='bbox 673 1833 784 1889; x_wconf 75' lang='lat' dir='ltr'>sepulcrit</span> 
     </span>
     <span class='ocr_line' id='line_1_14' title="bbox 243 1900 910 1960; baseline -0.012 -11"><span class='ocrx_word' id='word_1_61' title='bbox 243 1905 279 1949; x_wconf 86' lang='lat' dir='ltr'>Te</span> <span class='ocrx_word' id='word_1_62' title='bbox 295 1904 379 1948; x_wconf 73' lang='lat' dir='ltr'>lettum</span> <span class='ocrx_word' id='word_1_63' title='bbox 394 1904 515 1960; x_wconf 78' lang='lat' dir='ltr'>perhibent</span> <span class='ocrx_word' id='word_1_64' title='bbox 526 1902 641 1958; x_wconf 75' lang='lat' dir='ltr'>sternere,</span> <span class='ocrx_word' id='word_1_65' title='bbox 658 1900 739 1951; x_wconf 82' lang='lat' dir='ltr'>Sexte,</span> <span class='ocrx_word' id='word_1_66' title='bbox 755 1906 829 1943; x_wconf 85' lang='lat' dir='ltr'>tuum.</span> <span class='ocrx_word' id='word_1_67' title='bbox 908 1920 910 1925; x_wconf 92' lang='lat'>·</span> 
     </span>
     <span class='ocr_line' id='line_1_15' title="bbox 177 1967 782 2028; baseline -0.015 -9"><span class='ocrx_word' id='word_1_68' title='bbox 177 1973 210 2019; x_wconf 86' lang='lat' dir='ltr'>Ut</span> <span class='ocrx_word' id='word_1_69' title='bbox 227 1971 296 2028; x_wconf 80' lang='lat' dir='ltr'>poffis</span> <span class='ocrx_word' id='word_1_70' title='bbox 313 1973 383 2017; x_wconf 85' lang='lat' dir='ltr'>etiam</span> <span class='ocrx_word' id='word_1_71' title='bbox 402 1984 530 2017; x_wconf 86' lang='lat' dir='ltr'>memorare</span> <span class='ocrx_word' id='word_1_72' title='bbox 547 1967 666 2015; x_wconf 82' lang='lat' dir='ltr'>noviffima</span> <span class='ocrx_word' id='word_1_73' title='bbox 685 1967 782 2019; x_wconf 84' lang='lat' dir='ltr'>mortis,</span> 
     </span>
     <span class='ocr_line' id='line_1_16' title="bbox 205 2036 731 2095; baseline -0.011 -9"><span class='ocrx_word' id='word_1_74' title='bbox 205 2041 251 2086; x_wconf 86' lang='lat' dir='ltr'>Cur</span> <span class='ocrx_word' id='word_1_75' title='bbox 269 2053 316 2086; x_wconf 88' lang='lat' dir='ltr'>non</span> <span class='ocrx_word' id='word_1_76' title='bbox 334 2039 359 2084; x_wconf 90' lang='lat' dir='ltr'>in</span> <span class='ocrx_word' id='word_1_77' title='bbox 378 2039 485 2084; x_wconf 85' lang='lat' dir='ltr'>somnum</span> <span class='ocrx_word' id='word_1_78' title='bbox 500 2038 578 2095; x_wconf 74' lang='lat' dir='ltr'>sapius</span> <span class='ocrx_word' id='word_1_79' title='bbox 593 2050 646 2094; x_wconf 82' lang='lat' dir='ltr'>ergo</span> <span class='ocrx_word' id='word_1_80' title='bbox 661 2036 731 2081; x_wconf 72' lang='lat' dir='ltr'>ruis?</span> 
     </span>
    </p>
   </div>
   <div class='ocr_carea' id='block_1_11' title="bbox 178 2163 670 2248">
    <p class='ocr_par' dir='ltr' id='par_1_11' title="bbox 178 2163 670 2248">
     <span class='ocr_line' id='line_1_17' title="bbox 178 2163 670 2248; baseline -0.006 -14"><span class='ocrx_word' id='word_1_81' title='bbox 178 2176 243 2248; x_wconf 83' lang='grc'>168</span> <span class='ocrx_word' id='word_1_82' title='bbox 426 2163 483 2235; x_wconf 81' lang='lat' dir='ltr'>Ad</span> <span class='ocrx_word' id='word_1_83' title='bbox 505 2168 670 2234; x_wconf 77' lang='lat' dir='ltr'>Amatam.</span> 
     </span>
    </p>
   </div>
   <div class='ocr_carea' id='block_1_12' title="bbox 173 2297 916 2564">
    <p class='ocr_par' dir='ltr' id='par_1_12' title="bbox 173 2297 916 2564">
     <span class='ocr_line' id='line_1_18' title="bbox 214 2297 916 2356; baseline -0.003 -10"><span class='ocrx_word' id='word_1_84' title='bbox 214 2301 233 2346; x_wconf 85' lang='lat' dir='ltr'>E</span> <span class='ocrx_word' id='word_1_85' title='bbox 252 2301 311 2347; x_wconf 86' lang='lat' dir='ltr'>mihi</span> <span class='ocrx_word' id='word_1_86' title='bbox 327 2309 406 2347; x_wconf 84' lang='lat' dir='ltr'>notam</span> <span class='ocrx_word' id='word_1_87' title='bbox 425 2314 478 2345; x_wconf 85' lang='lat' dir='ltr'>amo</span> <span class='ocrx_word' id='word_1_88' title='bbox 494 2313 569 2354; x_wconf 84' lang='lat' dir='ltr'>nunc,</span> <span class='ocrx_word' id='word_1_89' title='bbox 585 2301 689 2356; x_wconf 84' lang='lat' dir='ltr'>ignotam</span> <span class='ocrx_word' id='word_1_90' title='bbox 703 2310 775 2353; x_wconf 82' lang='lat' dir='ltr'>nuper</span> <span class='ocrx_word' id='word_1_91' title='bbox 790 2297 916 2352; x_wconf 69' lang='lat' dir='ltr'>amabam</span> 
     </span>
     <span class='ocr_line' id='line_1_19' title="bbox 240 2364 773 2425; baseline -0.008 -12"><span class='ocrx_word' id='word_1_92' title='bbox 240 2370 312 2415; x_wconf 84' lang='lat' dir='ltr'>Fama</span> <span class='ocrx_word' id='word_1_93' title='bbox 331 2373 393 2425; x_wconf 80' lang='lat' dir='ltr'>ptius</span> <span class='ocrx_word' id='word_1_94' title='bbox 412 2369 472 2424; x_wconf 81' lang='lat' dir='ltr'>cepit</span> <span class='ocrx_word' id='word_1_95' title='bbox 487 2382 524 2413; x_wconf 88' lang='lat' dir='ltr'>me</span> <span class='ocrx_word' id='word_1_96' title='bbox 543 2376 600 2418; x_wconf 77' lang='lat' dir='ltr'>tua3</span> <span class='ocrx_word' id='word_1_97' title='bbox 616 2364 691 2410; x_wconf 85' lang='lat' dir='ltr'>forma</span> <span class='ocrx_word' id='word_1_98' title='bbox 707 2364 773 2421; x_wconf 85' lang='lat' dir='ltr'><strong>capit.</strong></span> 
     </span>
     <span class='ocr_line' id='line_1_20' title="bbox 173 2434 916 2493; baseline 0 -12"><span class='ocrx_word' id='word_1_99' title='bbox 173 2438 230 2490; x_wconf 86' lang='lat' dir='ltr'>Jam</span> <span class='ocrx_word' id='word_1_100' title='bbox 246 2436 292 2481; x_wconf 83' lang='lat' dir='ltr'>scio</span> <span class='ocrx_word' id='word_1_101' title='bbox 313 2438 367 2493; x_wconf 87' lang='lat' dir='ltr'>quid</span> <span class='ocrx_word' id='word_1_102' title='bbox 383 2436 410 2481; x_wconf 86' lang='lat' dir='ltr'>fit</span> <span class='ocrx_word' id='word_1_103' title='bbox 428 2449 511 2487; x_wconf 79' lang='lat' dir='ltr'>amor3</span> <span class='ocrx_word' id='word_1_104' title='bbox 527 2448 580 2480; x_wconf 88' lang='lat' dir='ltr'>amo</span> <span class='ocrx_word' id='word_1_105' title='bbox 599 2434 704 2490; x_wconf 82' lang='lat' dir='ltr'>quamvis</span> <span class='ocrx_word' id='word_1_106' title='bbox 713 2448 761 2480; x_wconf 86' lang='lat' dir='ltr'>non</span> <span class='ocrx_word' id='word_1_107' title='bbox 776 2448 855 2487; x_wconf 82' lang='lat' dir='ltr'>amer3</span> <span class='ocrx_word' id='word_1_108' title='bbox 866 2434 916 2481; x_wconf 80' lang='lat' dir='ltr'>imo</span> 
     </span>
     <span class='ocr_line' id='line_1_21' title="bbox 204 2505 824 2564; baseline 0.003 -13"><span class='ocrx_word' id='word_1_109' title='bbox 204 2508 258 2561; x_wconf 85' lang='lat' dir='ltr'>Jam</span> <span class='ocrx_word' id='word_1_110' title='bbox 276 2507 321 2553; x_wconf 88' lang='lat' dir='ltr'>scio</span> <span class='ocrx_word' id='word_1_111' title='bbox 339 2508 394 2564; x_wconf 85' lang='lat' dir='ltr'>quid</span> <span class='ocrx_word' id='word_1_112' title='bbox 409 2506 436 2553; x_wconf 89' lang='lat' dir='ltr'>fit</span> <span class='ocrx_word' id='word_1_113' title='bbox 452 2518 521 2560; x_wconf 84' lang='lat' dir='ltr'>amo,</span> <span class='ocrx_word' id='word_1_114' title='bbox 537 2505 611 2551; x_wconf 85' lang='lat' dir='ltr'>nescio</span> <span class='ocrx_word' id='word_1_115' title='bbox 631 2506 685 2562; x_wconf 88' lang='lat' dir='ltr'>quid</span> <span class='ocrx_word' id='word_1_116' title='bbox 704 2506 731 2553; x_wconf 86' lang='lat' dir='ltr'>fit</span> <span class='ocrx_word' id='word_1_117' title='bbox 751 2519 824 2553; x_wconf 86' lang='lat' dir='ltr'>amor.</span> 
     </span>
    </p>
   </div>
   <div class='ocr_carea' id='block_1_13' title="bbox 177 2629 826 2720">
    <p class='ocr_par' dir='ltr' id='par_1_13' title="bbox 177 2629 826 2720">
     <span class='ocr_line' id='line_1_22' title="bbox 177 2629 826 2720; baseline -0.003 -19"><span class='ocrx_word' id='word_1_118' title='bbox 177 2641 242 2715; x_wconf 84' lang='lat'>169</span> <span class='ocrx_word' id='word_1_119' title='bbox 292 2630 469 2706; x_wconf 74' lang='lat' dir='ltr'>Uti-Cedet.</span> <span class='ocrx_word' id='word_1_120' title='bbox 499 2630 660 2720; x_wconf 85' lang='lat' dir='ltr'>Ajonget</span> <span class='ocrx_word' id='word_1_121' title='bbox 681 2629 826 2701; x_wconf 88' lang='lat' dir='ltr'><strong>brother.</strong></span> 
     </span>
    </p>
   </div>
   <div class='ocr_carea' id='block_1_14' title="bbox 174 2765 915 2899">
    <p class='ocr_par' dir='ltr' id='par_1_14' title="bbox 174 2765 915 2899">
     <span class='ocr_line' id='line_1_23' title="bbox 174 2765 915 2851; baseline 0.001 -37"><span class='ocrx_word' id='word_1_122' title='bbox 174 2768 245 2851; x_wconf 79' lang='lat' dir='ltr'>SUm</span> <span class='ocrx_word' id='word_1_123' title='bbox 261 2772 367 2844; x_wconf 55' lang='lat' dir='ltr'>pauper?</span> <span class='ocrx_word' id='word_1_124' title='bbox 382 2783 428 2815; x_wconf 89' lang='lat' dir='ltr'>non</span> <span class='ocrx_word' id='word_1_125' title='bbox 445 2770 512 2825; x_wconf 86' lang='lat' dir='ltr'>culpa</span> <span class='ocrx_word' id='word_1_126' title='bbox 527 2782 580 2814; x_wconf 85' lang='lat' dir='ltr'>mea</span> <span class='ocrx_word' id='word_1_127' title='bbox 593 2765 632 2818; x_wconf 75' lang='lat' dir='ltr'>est,</span> <span class='ocrx_word' id='word_1_128' title='bbox 648 2767 685 2812; x_wconf 85' lang='lat' dir='ltr'>sed</span> <span class='ocrx_word' id='word_1_129' title='bbox 695 2766 762 2842; x_wconf 61' lang='lat' dir='ltr'>calpa</span> <span class='ocrx_word' id='word_1_130' title='bbox 776 2775 915 2823; x_wconf 66' lang='lat' dir='ltr'>parentum</span> 
     </span>
     <span class='ocr_line' id='line_1_24' title="bbox 230 2833 856 2899; baseline 0 -19"><span class='ocrx_word' id='word_1_131' title='bbox 230 2835 275 2888; x_wconf 85' lang='lat' dir='ltr'>Qut</span> <span class='ocrx_word' id='word_1_132' title='bbox 289 2848 328 2881; x_wconf 87' lang='lat' dir='ltr'>me</span> <span class='ocrx_word' id='word_1_133' title='bbox 348 2833 417 2882; x_wconf 83' lang='lat' dir='ltr'>fratre</span> <span class='ocrx_word' id='word_1_134' title='bbox 435 2849 488 2884; x_wconf 85' lang='lat' dir='ltr'>meo</span> <span class='ocrx_word' id='word_1_135' title='bbox 508 2850 555 2882; x_wconf 88' lang='lat' dir='ltr'>non</span> <span class='ocrx_word' id='word_1_136' title='bbox 571 2846 670 2892; x_wconf 82' lang='lat' dir='ltr'>genuere</span> <span class='ocrx_word' id='word_1_137' title='bbox 685 2847 756 2890; x_wconf 79' lang='lat' dir='ltr'>prius.</span> <span class='ocrx_word' id='word_1_138' title='bbox 852 2886 856 2899; x_wconf 46' lang='grc'>,</span> 
     </span>
    </p>
   </div>
   <div class='ocr_carea' id='block_1_15' title="bbox 177 2962 923 3174">
    <p class='ocr_par' dir='ltr' id='par_1_15' title="bbox 177 2962 923 3174">
     <span class='ocr_line' id='line_1_25' title="bbox 412 2962 685 3035; baseline -0.011 0"><span class='ocrx_word' id='word_1_139' title='bbox 412 2962 685 3035; x_wconf 84' lang='lat' dir='ltr'>Firmamentum.</span> 
     </span>
     <span class='ocr_line' id='line_1_26' title="bbox 177 3063 923 3174; baseline 0.011 -26"><span class='ocrx_word' id='word_1_140' title='bbox 177 3101 241 3159; x_wconf 89' lang='lat'>170</span> <span class='ocrx_word' id='word_1_141' title='bbox 263 3078 320 3151; x_wconf 80' lang='lat' dir='ltr'>Ad</span> <span class='ocrx_word' id='word_1_142' title='bbox 343 3086 489 3165; x_wconf 82' lang='lat' dir='ltr'>amicum,</span> <span class='ocrx_word' id='word_1_143' title='bbox 513 3078 753 3155; x_wconf 68' lang='lat' dir='ltr'>D.Michai&#39;lem</span> <span class='ocrx_word' id='word_1_144' title='bbox 769 3063 923 3174; x_wconf 72' lang='lat' dir='ltr'>Heyden.¹</span> 
     </span>
    </p>
   </div>
   <div class='ocr_carea' id='block_1_16' title="bbox 211 3215 873 3342">
    <p class='ocr_par' dir='ltr' id='par_1_16' title="bbox 211 3215 873 3342">
     <span class='ocr_line' id='line_1_27' title="bbox 211 3215 873 3273; baseline 0.009 -13"><span class='ocrx_word' id='word_1_145' title='bbox 211 3215 270 3261; x_wconf 83' lang='lat' dir='ltr'>Erra</span> <span class='ocrx_word' id='word_1_146' title='bbox 288 3216 348 3267; x_wconf 68' lang='lat' dir='ltr'>state</span> <span class='ocrx_word' id='word_1_147' title='bbox 362 3216 387 3263; x_wconf 88' lang='lat' dir='ltr'>in</span> <span class='ocrx_word' id='word_1_148' title='bbox 405 3218 486 3264; x_wconf 87' lang='lat' dir='ltr'>tellure</span> <span class='ocrx_word' id='word_1_149' title='bbox 505 3218 633 3266; x_wconf 81' lang='lat' dir='ltr'>animantia</span> <span class='ocrx_word' id='word_1_150' title='bbox 646 3219 717 3265; x_wconf 88' lang='lat' dir='ltr'>stante</span> <span class='ocrx_word' id='word_1_151' title='bbox 734 3228 873 3273; x_wconf 69' lang='lat' dir='ltr'>moventurt</span> 
     </span>
     <span class='ocr_line' id='line_1_28' title="bbox 238 3282 781 3342; baseline 0.002 -12"><span class='ocrx_word' id='word_1_152' title='bbox 238 3282 304 3330; x_wconf 82' lang='lat' dir='ltr'>Astra</span> <span class='ocrx_word' id='word_1_153' title='bbox 318 3282 357 3329; x_wconf 88' lang='lat' dir='ltr'>sed</span> <span class='ocrx_word' id='word_1_154' title='bbox 375 3284 400 3330; x_wconf 84' lang='lat' dir='ltr'>in</span> <span class='ocrx_word' id='word_1_155' title='bbox 414 3284 470 3330; x_wconf 83' lang='lat' dir='ltr'>coelo</span> <span class='ocrx_word' id='word_1_156' title='bbox 490 3284 537 3336; x_wconf 83' lang='lat' dir='ltr'>fixa</span> <span class='ocrx_word' id='word_1_157' title='bbox 555 3294 665 3342; x_wconf 77' lang='lat' dir='ltr'>movente</span> <span class='ocrx_word' id='word_1_158' title='bbox 680 3293 781 3337; x_wconf 69' lang='lat' dir='ltr'>manent⁴</span> 
     </span>
    </p>
   </div>
   <div class='ocr_carea' id='block_1_17' title="bbox 942 3189 955 3225">
    <p class='ocr_par' dir='ltr' id='par_1_17' title="bbox 942 3189 955 3225">
     <span class='ocr_line' id='line_1_29' title="bbox 942 3189 955 3225; baseline 0 0"><span class='ocrx_word' id='word_1_159' title='bbox 942 3189 955 3225; x_wconf 85' lang='grc' dir='ltr'><em>Ι</em></span> 
     </span>
    </p>
   </div>
   <div class='ocr_carea' id='block_1_18' title="bbox 555 3409 913 3509">
    <p class='ocr_par' dir='ltr' id='par_1_18' title="bbox 555 3409 913 3509">
     <span class='ocr_line' id='line_1_30' title="bbox 555 3409 913 3509; baseline -0.011 -23"><span class='ocrx_word' id='word_1_160' title='bbox 555 3409 616 3509; x_wconf 82' lang='lat'>15</span> <span class='ocrx_word' id='word_1_161' title='bbox 799 3432 855 3496; x_wconf 87' lang='lat'>171</span> <span class='ocrx_word' id='word_1_162' title='bbox 875 3413 913 3485; x_wconf 90' lang='grc' dir='ltr'>Β.</span> 
     </span>
    </p>
   </div>
   <div class='ocr_carea' id='block_1_19' title="bbox 0 0 1204 4242">
    <p class='ocr_par' dir='ltr' id='par_1_19' title="bbox 0 0 1204 4242">
     <span class='ocr_line' id='line_1_31' title="bbox 0 0 1204 4242; baseline 0 4"><span class='ocrx_word' id='word_1_163' title='bbox 0 0 1204 4242; x_wconf 95' lang='lat' dir='ltr'> </span> 
     </span>
    </p>
   </div>
  </div>
 </body>
</html>
