2400 4242
241 640 279 703 se
385 621 545 693 iiiiii
599 629 842 697 verrius.

142 911 153 923 “
246 915 308 969 102
331 901 382 969 De
398 905 501 973 Fama.
513 898 569 974 Ad
579 898 726 989 Nobiliss.
740 925 825 970 max.
831 902 901 989 spei
911 896 988 972 ado·

271 990 430 1072 deflentem,
454 1003 493 1060 D.
504 1000 589 1073 Joan.
605 1001 794 1075 Harington‚
816 1000 962 1077 Equitem.

246 1125 369 1223 QUaerito
384 1128 495 1180 virtutes,
512 1130 623 1173 virtutum
637 1128 737 1184 spernite
748 1126 844 1172 laudere

313 1197 421 1244 Nominis
438 1198 470 1244 est
483 1200 569 1245 etenim
583 1199 658 1255 gioria
676 1213 723 1245 non
742 1197 853 1246 hominis.

248 1343 305 1412 ¹03
348 1367 351 1374 -
381 1375 388 1396 .
570 1322 664 1400 Fides.

243 1456 417 1548 PYthagorea,
433 1458 501 1505 Fides
521 1459 568 1513 est,
584 1460 644 1507 inter
664 1462 790 1517 dogmata,
806 1459 933 1517 Princeps,

301 1540 413 1597 Quicquid
421 1541 561 1600 Pythagoras
577 1542 682 1595 dixerat,
698 1528 772 1590 Αὕτὸς
786 1531 847 1599 ἔφη.

249 1683 310 1755 104
497 1674 738 1758 AEquanimitas.

272 1803 309 1849 Eu
326 1804 407 1851 mortis
425 1805 505 1858 venit,
520 1804 558 1851 seu
574 1806 679 1851 nondum
699 1804 804 1858 venerit,
819 1805 894 1858 hom

301 1876 375 1933 Culpa
390 1875 422 1921 est
435 1877 497 1922 nolle
517 1878 595 1930 mori3
611 1877 722 1933 culpaque
748 1877 807 1922 veile
824 1877 893 1922 mori.

222 2013 223 2017 ’
250 2016 314 2089 105
329 1998 664 2091 Tempora'noviffima.
676 1999 991 2091 AdAinicumfiium

308 2104 440 2163 carolum
458 2104 565 2175 River,
593 2100 746 2177 Theologiae
773 2100 936 2164 Dodiorem.

249 2226 401 2305 TEmpora,
417 2232 434 2277 si
454 2244 501 2276 non
515 2244 583 2284 erro,
600 2228 735 2282 noviii'rma,
750 2229 827 2287 prima
846 2229 956 2283 firenmtz

313 2300 404 2356 Nempe
424 2314 511 2346 novum
527 2310 632 2357 tempus,
649 2314 703 2346 cum
719 2314 792 2348 novus
811 2302 889 2357 orbis,
906 2314 965 2355 erat.

247 2372 292 2419 Dic
309 2372 368 2417 mihi
383 2372 432 2423 iam
446 2379 549 2417 veterum
564 2372 633 2416 letior
647 2371 757 2425 studiose,
776 2373 904 2430 librorum,

275 2444 326 2491 Hoc
341 2452 432 2505 tempus
446 2442 548 2488 nostrum
564 2440 590 2486 fit
606 2450 685 2495 vetus,
701 2455 760 2487 anne
777 2448 884 2491 novum?

253 2578 316 2650 106
546 2565 705 2642 Voluntas.
769 2662 771 2665 Ι

288 2706 312 2753 Is
329 2705 403 2752 bonus
419 2703 482 2751 esse?
496 2703 553 2750 velie
570 2712 677 2755 tantum.
693 2702 776 2760 fiesque
795 2705 911 2753 volendo:

314 2774 339 2821 Is
355 2774 398 2821 tibi
407 2772 469 2830 posse
488 2772 560 2826 dabit,
576 2771 616 2829 qui
632 2771 675 2817 tibi
694 2773 753 2820 vene
773 2774 843 2819 dedit„

253 2922 311 2984 107
519 2896 576 2969 Ad
607 2895 663 2969 Sol
710 2950 718 2968 .

278 3035 403 3083 Hoebe.bis
417 3033 515 3094 ostagies
532 3044 592 3083 terra
607 3034 762 3090 pulcherrime
779 3036 872 3090 maior,

305 3108 507 3155 Innumerabiliter
525 3121 579 3153 cum
598 3105 690 3150 videare
705 3105 795 3150 minor:

250 3174 295 3229 Qui
314 3176 373 3221 mihi
385 3176 476 3223 tantillo
492 3177 581 3230 vermi,
597 3174 638 3221 Sol
654 3180 730 3225 tante,
747 3173 832 3219 videris

278 3242 411 3299 Timidus,
427 3245 473 3289 heu
482 3243 562 3290 videor
580 3240 703 3300 quantulus
713 3238 757 3287 eise
775 3241 842 3288 tibi?
860 3305 865 3316 .

446 3484 454 3514 i

731 3403 734 3407 '
761 3397 765 3420 ³
832 3405 892 3477 108
912 3400 997 3469 Pro.
