2400 4242
329 664 490 729 LIBER
531 664 737 733 PRIMUS.
841 667 897 745 2'45

154 960 197 1022 90
362 945 465 1013 Deum
487 970 575 1016 nemo
598 942 690 1013 vidit.

169 1056 234 1102 Nscia
249 1069 316 1101 mens
335 1061 429 1106 Numen
443 1076 490 1106 non
508 1060 594 1109 cernit;
610 1062 691 1105 nostua
708 1062 803 1105 lumen:

193 1125 248 1170 Non
268 1124 332 1169 videt
346 1124 387 1168 ista
405 1128 485 1178 diem,
502 1139 550 1170 non
569 1122 684 1170 viderilla
702 1127 786 1171 Deum.

153 1250 192 1311 91
351 1232 449 1301 Senex
465 1256 527 1302 non
545 1233 583 1319 est
598 1232 698 1301 homo.

183 1344 258 1391 llibile
280 1347 311 1393 est
328 1347 414 1412 animal
432 1348 538 1413 juvenis:
553 1348 681 1405 mulierque
702 1359 801 1411 puerque

208 1412 313 1459 Flebile:
329 1414 438 1459 dedidicit
455 1414 525 1462 siccus
543 1424 666 1473 utrumque
680 1414 755 1459 senex.

150 1537 194 1601 92
250 1509 257 1534 ²
298 1526 337 1589 In
360 1509 572 1605 Sarmentum,
598 1518 747 1591 Atleeum.

145 1634 246 1724 AFlicit
264 1635 389 1712 insipidum
407 1636 468 1691 quali
485 1637 562 1681 fabula
581 1644 604 1681 te
618 1636 678 1682 finus
698 1640 782 1687 Abrae3

205 1704 291 1749 Malles
304 1718 330 1748 m
349 1705 407 1749 Sarae
423 1712 448 1749 tu
465 1705 572 1749 recubare
590 1701 647 1748 linu.
713 1760 717 1776 ,
742 1713 747 1726 r

149 1834 187 1903 93
477 1818 562 1883 Mos.

169 1930 312 1976 .0nsuetudo
331 1931 417 1975 &mos
433 1928 482 1976 vim
500 1928 556 1985 legis
573 1929 656 1975 habere
672 1928 793 1976 videntum

206 1997 347 2054 improbitas
369 1998 437 2044 hodie
457 1997 505 2041 vim
524 2008 613 2052 quoque
631 1996 688 2052 legis
705 1996 779 2042 habet.

149 2119 193 2184 94
408 2108 447 2173 In
468 2100 630 2173 Albinum.

144 2218 263 2297 PErdidit
282 2218 378 2264 Albinus
395 2227 507 2264 mercator
523 2230 617 2273 remque
635 2216 766 2272 fidemque3

198 2292 238 2337 Nil
258 2292 335 2344 ultra,
352 2291 475 2352 quodiam
493 2291 587 2344 perdere
599 2289 686 2346 polilt,
704 2292 779 2335 habet.

143 2355 246 2401 Perdidit
263 2356 324 2402 idem
345 2356 441 2402 Albinus
455 2361 545 2399 amator
560 2354 668 2411 spemque
685 2353 817 2411 fidemquee

173 2426 233 2478 Quid
250 2420 348 2481 superest
364 2425 425 2480 quod
445 2424 491 2475 iam
508 2419 601 2480 perdere
619 2424 704 2481 pollet?
718 2439 791 2472 amor.

144 2552 187 2617 95
210 2601 220 2629 b
389 2532 621 2616 Aeeagrumma.

143 2648 217 2729 VOx
234 2648 314 2693 eedem
332 2660 408 2703 gerere
427 2648 449 2692 δι
463 2659 540 2704 regere
555 2647 607 2717 est:
622 2662 735 2704 omenque
756 2649 884 2694 notandum

207 2715 239 2760 Ut
254 2724 317 2772 reget
331 2728 429 2759 uxorem
443 2714 493 2766 vir,
510 2723 573 2770 gerat
589 2714 631 2759 illa
647 2714 729 2761 virum.

142 2829 185 2903 96
361 2824 500 2891 Amator
518 2807 659 2905 deferas.

161 2940 219 2986 Giris
238 2946 265 2983 ut
282 2934 380 2989 inferni,
397 2938 500 2993 qrramvis
515 2938 667 2990 perluceat,
682 2938 762 2984 ardet:

186 3008 223 3053 Sic
240 3016 292 3053 tuus
310 3005 372 3049 haud
388 3004 465 3057 lucet,
482 3018 519 3049 me
535 3012 613 3050 umen
629 3005 692 3057 urit,
709 3006 787 3050 Amor.

140 3076 193 3131 Igni
216 3075 348 3121 elementari
367 3075 446 3121 similis
466 3091 530 3123 meus
549 3076 661 3122 estamor
679 3076 760 3122 inte:

167 3149 239 3193 Lucet
255 3147 334 3198 enim,
349 3144 387 3192 sed
404 3157 426 3192 te
442 3160 489 3191 non
505 3158 570 3192 meus
586 3145 633 3195 urit
651 3158 725 3190 amor.

139 3275 179 3338 97
253 3257 302 3321 De
315 3276 404 3341 pena
425 3250 571 3338 Thaidis,
592 3249 768 3341 problema.

139 3371 220 3454 CUr,
238 3382 285 3426 quae
302 3370 403 3446 peccavit
426 3384 473 3416 non
488 3380 570 3427 tergo,
587 3379 612 3415 at
629 3370 717 3441 pedore
737 3366 827 3420 Thais.

149 3472 179 3494 ,.
200 3436 307 3487 carnifici
326 3451 351 3483 ur
369 3451 461 3494 poenam
477 3448 567 3495 tergora
583 3437 645 3482 nuda
660 3434 746 3480 dedit?

521 3515 569 3577 ue
856 3511 892 3557 Λα
