2400 4242
391 667 542 733 Llssuu
582 657 817 731 inuitus.
929 674 967 743 sn

482 755 715 835 Q

225 914 405 972 Quamprimum
424 912 524 973 liquidus
535 910 625 959 nebulis
643 910 843 968 emunitatem,

252 992 310 1038 Ecce
330 998 424 1047 repente
439 998 506 1035 tuum
522 985 604 1033 deserit
621 985 704 1029 umbra
725 985 791 1030 latus.
823 993 827 1001 ·

229 1055 278 1113 Te,
294 1061 355 1106 bona
373 1059 431 1103 dum
448 1057 550 1113 splendet
566 1054 673 1104 fortuna,
689 1053 812 1111 sequuntur
827 1058 912 1112 amici,

255 1132 285 1177 Ut
302 1138 341 1184 te,
357 1131 416 1175 dum
430 1129 492 1176 lucet
506 1129 563 1182 Sol,
578 1124 635 1173 solet
649 1127 732 1173 umbra
749 1128 818 1187 sequi

233 1266 271 1339 96
548 1259 666 1327 Virtus.

234 1393 303 1472 NOn
322 1390 354 1437 est
375 1390 400 1436 in
418 1390 494 1436 verbis
511 1389 599 1444 virtus,
616 1403 641 1440 at
657 1394 723 1438 rebus
742 1392 852 1443 inhnmt
913 1454 919 1465 q

292 1456 337 1503 Res
361 1453 428 1508 sunt,
444 1467 492 1500 non
512 1467 594 1508 voces,
611 1456 686 1509 Spes,
703 1457 790 1508 Amor,
806 1461 874 1510 atque
893 1454 967 1503 Fide&

237 1603 271 1664 97
543 1576 668 1651 Rachel.
740 1560 743 1567 ¹

257 1717 363 1764 Ublatum
379 1723 460 1761 natum
475 1728 543 1772 quate
559 1715 619 1763 flest
634 1729 731 1772 cumque
749 1716 829 1762 dolore
852 1721 854 1726 ’

280 1779 359 1828 Perdis
378 1790 449 1832 eum,
465 1791 533 1836 quem
553 1796 600 1826 non
616 1780 698 1837 absque
714 1782 793 1829 dolore
811 1782 880 1841 paris.

238 1918 274 1990 98
320 1906 322 1909 ’
517 1904 673 1978 Salomon.

237 2042 374 2128 PRudentes
386 2048 444 2097 quot
462 2039 527 2093 sunt,
543 2049 578 2088 tot
597 2041 649 2088 suut
668 2042 780 2106 miraculi
792 2040 889 2091 mundit

287 2114 346 2160 Nam
361 2111 492 2158 mirabilius
506 2113 561 2167 quid
580 2112 681 2167 sapiente
699 2113 770 2158 viro?

238 2180 264 2224 At
279 2180 388 2226 Salomon
403 2178 490 2233 septem
507 2177 580 2223 senior
594 2178 756 2233 sapientibus:
772 2188 825 2233 ergo

257 2252 354 2297 Otiavus
371 2262 419 2296 non
437 2247 485 2300 esst
499 2249 588 2348 fuimus
607 2259 632 2295 at
645 2248 689 2295 ess'e
703 2247 784 2305 potest„

239 2396 276 2459 99
566 2378 649 2463 Spes.

239 2512 313 2593 CUm
331 2509 390 2556 mihi
406 2509 435 2557 sit
455 2510 516 2557 casus
530 2510 652 2567 prudentia
669 2509 733 2554 nulla
748 2507 837 2560 futuri,

294 2578 355 2631 Quid
369 2576 486 2635 speremve
502 2576 574 2630 boni,
590 2577 646 2633 quid
659 2584 790 2622 metuamve
806 2575 881 2628 malit

238 2647 286 2693 Non
302 2647 395 2704 despero
413 2656 507 2693 tamen:
523 2661 575 2691 cum
591 2646 629 2702 spe
646 2646 704 2691 mihi
722 2646 812 2702 spiritus
830 2646 891 2691 exit:

262 2716 369 2761 Producit
384 2715 457 2761 vitam
474 2714 524 2771 spes
539 2716 597 2761 mihi
612 2717 681 2773 longa
699 2718 809 2762 brevem'

242 2864 297 2910 100
426 2846 613 2927 Ignorantia
633 2838 782 2912 humana.

271 2978 336 3024 lvere
352 2976 391 3023 vix
407 2976 462 3032 quid
479 2976 506 3023 fit
526 2977 595 3029 novi3
612 2978 698 3023 mirum
714 2978 771 3024 nihii
790 2983 861 3035 ergo,

298 3046 323 3093 Si
341 3046 399 3104 quid
411 3046 440 3093 sit
457 3046 518 3091 nasci
533 3046 627 3098 nesciat
642 3046 725 3101 quidve
743 3046 811 3091 moti.

243 3192 294 3240 101
392 3185 397 3224 '-
491 3167 564 3243 chri
588 3195 624 3241 us
658 3177 724 3241 via.

239 3308 287 3389 AD
305 3308 375 3353 coeios
390 3306 425 3353 vis
442 3306 497 3384 scire
514 3306 577 3384 viam
596 3280 639 3385 tiii
656 3320 700 3365 qua
710 3307 744 3387 'fit
763 3309 886 3356 eundum?

293 3375 330 3420 Ati
346 3383 368 3421 te
384 3375 499 3422 descendit
515 3377 603 3422 coelttus
619 3376 667 3432 ipsa
685 3377 738 3427 vm

613 3434 684 3516 Μ
843 3451 903 3506 102
927 3436 979 3503 De
