2400 4242
191 2903 196 2932 i

241 667 295 727 ιφ
376 643 839 713 apiannnnnaun

234 896 270 939 An
286 891 327 937 fibi
343 893 391 947 iam
407 894 488 942 restare
507 893 624 952 nihilpost
641 892 737 943 funera,
753 898 834 946 praettr

262 968 405 1025 Supplicium
420 968 534 1024 longum,
551 970 708 1024 judiainmque
722 964 812 1009 breve?

234 1033 335 1089 Suspicio
355 1033 409 1079 facit
427 1035 473 1078 hnc
490 1042 578 1080 mentes
593 1034 618 1078 in
636 1042 710 1078 morte
729 1030 871 1075 trementest

261 1108 309 1153 Nec
323 1106 428 1153 moestum
446 1105 508 1152 carni
523 1108 597 1152 dicere
617 1105 679 1164 poffe
696 1103 761 1150 Vale.

237 1243 294 1322 ¹83
481 1236 636 1322 Quintinae
657 1226 730 1298 lans.

261 1369 271 1414 1
293 1378 315 1414 te
333 1368 468 1421 laudarem,
485 1366 610 1420 Quintina,
626 1364 742 1423 superbior
756 1362 827 1409 esses:

288 1437 323 1481 Te
343 1436 436 1480 laudare
455 1435 561 1491 equidem
579 1434 651 1486 nolo,
666 1432 761 1488 superba
778 1429 811 1475 sat
831 1441 862 1475 es.

237 1573 299 1641 184
393 1650 395 1655 ,
485 1557 571 1631 ntia
600 1564 755 1636 Terra,

267 1694 337 1739 oelum
353 1696 382 1739 ad
392 1707 434 1740 nos
451 1694 551 1751 spectat,
568 1696 651 1741 coelum
665 1692 790 1749 speaemus
811 1698 916 1747 oportet:

294 1764 355 1809 Nam
373 1765 435 1810 Deus
450 1764 508 1810 astra
525 1765 588 1811 dedit
603 1765 677 1815 ciclo,
693 1761 815 1817 oculosque
833 1760 883 1807 tssai.

231 1836 279 1882 Vix
296 1835 338 1881 tibi
353 1849 406 1891 pars
420 1837 497 1882 teretis
514 1846 577 1883 terrae
593 1837 688 1882 millena
702 1833 809 1880 videtur:

260 1903 349 1947 Caelum
365 1900 462 1947 dimidia
477 1916 567 1950 cernere
587 1910 650 1959 parte
667 1901 727 1947 licet

232 1969 279 2015 Cur
294 1968 363 2027 igitur
381 1970 438 2016 coelo
452 1977 553 2023 terram,
568 1968 710 2020 stultitiane,
726 1967 836 2022 praeferst

258 2041 290 2086 Ut
305 2052 357 2085 mos
374 2039 423 2095 est,
448 2049 547 2086 matrem
564 2039 616 2095 plus
631 2047 695 2093 patre
711 2036 786 2083 forsan
801 2050 874 2084 amas.

236 2178 298 2254 185
478 2168 593 2253 Species
614 2166 731 2259 infima.

232 2302 280 2385 Sit
298 2300 351 2347 licet
370 2303 499 2346 humanum
517 2313 587 2357 genus
604 2297 664 2345 inter
680 2309 759 2345 aetem
774 2300 910 2355 summum

285 2368 340 2419 Jure
356 2374 434 2410 tamen
454 2365 537 2422 species
555 2364 637 2411 infima
654 2366 725 2411 ditius
745 2368 825 2413 homo.

230 2438 259 2483 In
280 2438 343 2484 Coelo
358 2436 457 2481 minima
472 2436 504 2499 ,²st
518 2436 641 2481 homiuum
655 2450 721 2492 pars,
737 2437 843 2483 maxima
858 2438 884 2484 ia
894 2439 974 2486 arcon

257 2507 489 2561 Humanumiinfelix
507 2508 557 2565 quis
577 2515 645 2565 neget
664 2521 719 2565 ergo
738 2512 832 2566 genus?

179 2668 183 2675 ·
233 2643 296 2718 186
393 2637 445 2704 De
460 2630 592 2731 invidia,
613 2632 818 2722 paradoxon.

230 2772 268 2859 SI
283 2770 334 2826 plus
355 2768 446 2816 virtutis
463 2767 539 2823 foret,
554 2768 645 2815 invidiae
663 2770 740 2816 minus
758 2770 827 2817 effet:

286 2840 336 2891 Quo
351 2837 442 2883 virtutis
462 2838 526 2882 enim
544 2838 616 2894 plus,
631 2838 682 2884 vitii
697 2840 774 2886 minus
788 2841 826 2887 est.

230 2961 411 3054 Jacobus*
424 2962 541 3037 Sextus
558 2963 685 3049 Scotiae,
710 2965 730 3013 ⁹⁶
751 2965 883 3063 Primus
900 2966 970 3039 Bri·

361 3065 466 3124 tanniae
491 3063 575 3139 Rex;
603 3064 716 3125 Bonum
736 3082 834 3127 omen.
921 3061 924 3069 '

142 3147 147 3162 x
235 3174 295 3251 187
449 3162 508 3239 Aa
540 3169 752 3238 Britanniam.

230 3300 312 3384 Sffipe
330 3302 391 3374 qaod
409 3309 531 3373 optatum,
547 3300 661 3359 speratam
678 3303 718 3348 vix
733 3301 778 3351 fiat
796 3300 876 3377 alini,

283 3366 373 3417 Accldlt
385 3364 430 3415 hon
447 3374 507 3418 aiter
521 3363 630 3427 spemque
643 3375 777 3425 metumque
794 3369 844 3415 tibi.

926 3421 972 3468 Lu-
