2400 4242
231 681 289 739 2⁶⁶
382 674 536 739 mmm
575 653 822 736 TERTIUS:

484 782 718 863 Η

229 972 275 1027 20
426 958 478 1026 De
493 960 559 1026 Deo
575 952 619 1039 Εὸ
635 941 781 1026 Mundo}

229 1060 305 1156 Ntin
322 1069 352 1116 est
372 1070 396 1115 in
413 1072 500 1117 mundo
516 1074 577 1117 Deus
594 1073 652 1120 hoc;
668 1070 705 1115 hic
715 1070 815 1115 mumius
825 1069 849 1114 in
866 1067 907 1112 iilo
920 1062 962 1110 ene

294 1140 345 1187 Hoc
359 1139 436 1185 sumus
457 1140 482 1185 in
498 1141 585 1185 mundo
604 1151 664 1190 nos,
680 1138 814 1193 utinamque
830 1137 887 1181 Deo.

233 1269 274 1323 21
314 1255 377 1333 ¹lus
393 1256 595 1321 Decimarum
613 1244 657 1333 ἓξ
671 1253 904 1320 Primitiarum.
948 1260 950 1264 ‘

273 1365 341 1425 Mega
358 1368 469 1425 &Alpha
489 1371 566 1414 Deust
582 1378 659 1412 retum
679 1365 736 1421 petit
753 1376 807 1419 ergo
824 1370 917 1408 tuarum
981 1398 983 1403 .

297 1436 351 1487 Jute
368 1434 409 1480 fibi
427 1435 526 1481 decimas
542 1432 698 1490 primitiasque
714 1434 784 1479 nens.

228 1563 273 1616 22
378 1547 469 1633 Spes,
500 1542 586 1617 Fides
599 1540 644 1628 ἔθ’
660 1540 815 1617 Charitas.

229 1661 311 1741 SOlus
328 1673 395 1706 amor
413 1662 529 1708 nobiscum
547 1662 618 1707 intrat
635 1661 761 1716 penetralia
777 1659 848 1713 coeli,

183 1747 187 1753 ·
282 1735 335 1781 Non
352 1736 420 1782 habet
440 1737 463 1782 in
480 1737 537 1783 coelo
553 1736 631 1791 spesve
648 1734 732 1791 fidesve
750 1736 836 1780 locum.

229 1803 376 1851 Credendum
394 1807 444 1862 post
463 1805 544 1852 funera
564 1806 596 1858 nil
616 1805 658 1851 erit
678 1804 757 1849 omnia
776 1817 861 1849 cerno:

257 1873 400 1929 sperandum
417 1876 475 1921 mihi
493 1876 540 1929 nil,
557 1875 665 1920 omnibus
681 1888 732 1920 ecce
749 1874 820 1919 fruor.

229 1942 325 2000 Semper
341 1945 383 1990 erit
403 1947 464 2001 quod
479 1955 582 2006 ametur:
597 1947 670 1991 Amor
688 1945 738 2001 post
753 1943 836 1991 funem
853 1947 926 2003 vivit,

255 2014 389 2062 DumDeus
407 2016 432 2062 in
452 2018 514 2063 eoelis
535 2016 581 2073 ipse
598 2015 708 2071 supemee
728 2015 779 2062 erit.

227 2140 268 2214 23
489 2126 547 2199 Ad
553 2127 698 2215 seipfitm.

229 2239 292 2320 CUi
308 2244 366 2295 iacet
385 2244 408 2289 in
427 2243 501 2289 clausa
519 2258 629 2290 nummus
649 2242 711 2299 quasi
727 2250 832 2293 mortuus
852 2260 920 2305 arca,

289 2314 384 2371 Argenti
401 2313 448 2361 vivi
464 2313 498 2358 nil
516 2314 642 2370 Polydorus
658 2312 733 2374 habet.

228 2437 274 2503 24
483 2420 540 2492 Ad
553 2424 696 2513 seipfitm.

226 2535 371 2616 Bibliopoia
386 2544 439 2584 tuos
456 2540 567 2594 ambivit,
585 2540 664 2591 Oine,
680 2539 785 2592 libellos.

283 2608 365 2655 Dixisti
378 2610 479 2667 pretium
497 2610 614 2663 verfibus;
629 2611 678 2665 iile,
688 2614 757 2659 dedit

227 2672 329 2723 Excufus
347 2679 405 2726 liber
422 2680 511 2733 exstat3
526 2680 584 2727 emis
601 2689 642 2726 tua
661 2680 762 2726 carmiiia
780 2685 902 2732 nummis:

256 2747 372 2798 Omiseri
387 2751 507 2811 ingenium
524 2753 604 2799 vendis
622 2751 721 2810 emisque
740 2761 813 2801 tuum.

126 2903 130 2926 ι
227 2891 272 2965 25
490 2871 528 2936 In
541 2869 699 2936 uxorium.
743 2865 746 2878 '

228 2990 351 3077 CLamm
370 2977 488 3058 inlpuppe
503 2993 584 3034 tenes,
601 2990 625 3026 at
644 2988 666 3026 te
684 2990 725 3028 tua
742 2984 824 3040 cymba
841 2984 967 3042 gubernata

289 3056 342 3109 Quae
362 3059 437 3108 gem,
453 3053 499 3098 haec
520 3053 601 3099 eadem
617 3060 640 3098 te
655 3061 696 3098 tua
710 3054 792 3109 cymba
811 3054 877 3111 regit.

227 3179 272 3246 26
340 3146 500 3251 conjuges.
529 3167 650 3235 Duoin
664 3145 759 3233 carne'
776 3168 858 3237 Una.
937 3247 939 3252 ,

229 3289 348 3375 Corpore
361 3280 482 3328 mistorum
498 3278 540 3325 nifi
559 3280 605 3325 Cor
622 3292 688 3325 amor
705 3279 784 3325 uniat:
799 3282 871 3326 ambo
902 3339 911 3357 Ι,

287 3357 342 3404 Non
355 3353 415 3401 fiunt
430 3355 512 3403 Unum
534 3349 574 3397 sed
589 3348 618 3398 fit
634 3360 729 3408 uterque
747 3352 807 3396 Duo.

801 3435 843 3502 27
863 3421 971 3495 Homo
