2400 4242
224 611 967 813 matitia-oa
1046 730 1065 751 -

504 886 695 979 Nobiliffimi

335 1031 380 1103 D.
416 1029 616 1118 JO'ACH.
649 1031 859 1105 MORSII

266 1184 942 1314 oeosoooo

502 1364 556 1427 Ad
591 1368 624 1428 V.
650 1366 691 1429 CI.

329 1526 331 1533 v
402 1490 438 1557 D.
465 1490 790 1567 OWENUM‚&c.

232 1673 443 1775 CEleberrime
459 1673 584 1733 Domine
603 1672 671 1734 Ow
685 1693 701 1733 ε
716 1693 738 1733 Ν
752 1693 789 1748 o,
805 1671 910 1751 fautor
931 1673 971 1751 ἓξ

291 1754 381 1809 amice
400 1752 432 1826 pl
453 1748 630 1828 observande.

267 1834 343 1889 Cum
365 1832 397 1886 in
420 1830 609 1889 Britanniam
641 1825 766 1903 Vestram
788 1830 872 1887 abeat
892 1830 972 1888 nobi.

229 1905 868 1981 iu&praclarmVir,Gooea1ous
900 1903 973 1965 Ho-

230 2004 279 2045 oo
296 2002 318 2041 N
333 2006 343 2042 1
361 2002 382 2040 τ
398 2002 410 2042 1
425 2002 472 2043 us
488 1981 590 2058 noster,
613 1982 804 2058 ebariffimum
818 1983 918 2043 Phoebo
933 1982 990 2057 &⁴

229 2057 329 2135 Mefis
348 2073 443 2135 caput,
467 2062 705 2119 committendum
724 2059 795 2119 mibi
812 2080 871 2118 non
886 2073 973 2135 puta·

229 2144 278 2209 oi,
299 2140 372 2214 quin
393 2140 432 2196 aa
450 2148 481 2214 te
485 2133 659 2215 scriberem,
681 2140 903 2215 memoriamque
917 2141 973 2198 tibi

221 2213 395 2295 suaoiffima
414 2212 486 2273 iliius
523 2211 745 2290 conversationis
775 2227 971 2289 recentarem,

230 2312 354 2372 quami
382 2291 420 2364 &⁹
444 2291 669 2364 Jacooon
694 2290 971 2366 Foozoeuoo,

231 2371 396 2432 Patritium
413 2371 562 2431 Noricum.
583 2374 669 2427 annis
685 2372 794 2447 aliquot
812 2380 889 2429 retro
900 2415 910 2442 ,
921 2369 974 2447 sa·

226 2452 293 2524 'piae
318 2447 395 2521 apud
423 2465 471 2504 vos
495 2443 587 2520 beasti.
639 2449 799 2525 Nunquam
814 2444 975 2524 fingularis

230 2538 285 2585 tua
304 2527 405 2598 pietas,
435 2527 562 2584 eruditio
584 2525 840 2599 imcomparabilit,
859 2545 894 2584 ac
915 2528 976 2584 uir·
1050 2582 1057 2588 .

231 2615 307 2661 tuter
325 2603 433 2658 eximia
442 2596 548 2677 effluere
559 2621 594 2658 ex
606 2605 712 2661 animia
728 2599 829 2677 nostru
840 2599 973 2681 pqffunt:
990 2662 993 2670 ,
1031 2625 1034 2629 ·

231 2698 360 2758 quarum
380 2697 431 2735 nos
444 2680 546 2737 nullibi
565 2697 624 2737 aon
640 2682 717 2755 apud
727 2681 867 2754 optimum
879 2700 975 2760 quem-

231 2776 287 2836 que
310 2772 444 2826 pracones
466 2758 546 2831 grati
565 2758 699 2818 vivimoa.

294 2828 373 2891 Certi
392 2832 469 2891 nuia
484 2834 542 2892 dies
566 2830 685 2910 elapsa,
730 2852 787 2911 quo
816 2851 877 2892 non
906 2852 975 2893 cum

229 2906 410 2986 prasentium
440 2910 594 2969 exhibitore
624 2911 787 2988 amiciffima
807 2910 975 2988 (quamdiu

232 2990 399 3063 Hamburgi
428 3000 621 3048 commoratus
635 2988 714 3063 fuit)
723 2985 868 3066 sermones
891 2989 976 3049 horio-

232 3064 324 3139 rifieor
340 3066 374 3122 de
391 3076 419 3123 te
449 3064 623 3144 habuerim.-
646 3069 692 3125 ael
707 3070 800 3140 potiar
821 3069 854 3124 in
875 3068 976 3141 depra-

233 3143 376 3202 ditatione
392 3145 601 3203 immortalium
626 3156 747 3203 tuarum
766 3145 887 3203 laudum
907 3163 974 3203 cum

232 3239 263 3280 eo
277 3238 335 3277 non
351 3223 496 3279 certarim.
539 3224 570 3281 Si
584 3226 648 3299 quis
662 3225 738 3281 enim
756 3224 788 3278 in
805 3215 972 3293 Germania,

233 3299 285 3378 qui
301 3292 446 3373 nobiscum
469 3301 511 3359 Te
517 3293 698 3376 summopere
719 3300 911 3372 admiratur,
935 3298 976 3373 ἒξ

899 3377 974 3453 jrqjio
